2870 4676
1531 192 1622 262 18

532 377 770 467 ipsum
824 384 902 440 et
949 371 1256 441 rationes
1312 371 1648 459 quasdam
1663 419 1688 453 ,
1761 393 1941 458 quae
2001 368 2093 436 ad
2143 370 2385 439 aetatis
2426 392 2641 460 quae-

536 496 835 564 ctionem
878 489 1264 583 pertinent,
1335 492 1736 580 patriam
1790 494 2007 557 etiam
2045 505 2120 592 et
2175 493 2544 578 reliqua
2600 515 2645 559 a

541 615 792 682 CssLso
838 612 1120 702 quidem
1163 613 1587 701 composita,
1631 614 1752 712 ⁸⁶d.
1794 614 1990 681 nobis
2020 612 2381 700 deperdita
2422 614 2643 679 scri-

540 747 697 823 pta
770 734 869 800 ibi
942 732 1383 821 attingemus.
1513 735 1761 822 Neque
1836 733 2044 799 tertia
2106 732 2401 820 denique
2455 756 2641 822 pars,

540 857 659 922 cui
715 854 943 920 CELs1
1001 853 1341 943 professio
1413 850 1505 916 ad
1574 864 2063 938 argumentum
2134 854 2440 939 subjecta
2516 865 2642 933 est,

542 977 645 1042 ita
696 985 779 1039 ut
827 973 1338 1062 inquireretur,
1425 994 1519 1037 an
1571 971 2021 1054 medicinam,
2104 973 2190 1037 de
2252 997 2387 1061 qua
2433 973 2647 1038 volu·-

541 1095 735 1163 mina
778 1093 1334 1172 concinnaverit,
1407 1091 1557 1178 ipse
1600 1113 1875 1176 quoque
1920 1092 2252 1173 didicerit,
2283 1104 2489 1180 atque
2532 1092 2645 1157 fe·-

543 1213 749 1295 cerit,
801 1234 928 1277 nec
975 1236 1097 1294 ne,
1143 1213 1219 1277 iu
1260 1211 1393 1276 hac
1438 1209 1733 1307 materia
1777 1210 2136 1294 subsistet,
2176 1235 2421 1279 verum
2459 1235 2643 1277 non-

542 1332 739 1400 nulla
803 1330 1015 1396 etiam
1060 1340 1471 1416 argumenta
1530 1329 2034 1417 complectetur
2090 1331 2373 1419 reliquis
2426 1354 2643 1421 quae-.-

544 1448 878 1518 stionibus
949 1445 1171 1513 utilia.
1283 1447 1555 1529 Quibus
1632 1447 1809 1514 duae
1880 1452 2493 1519 commentationes
2554 1452 2639 1517 de

540 1571 748 1661 rebus
787 1569 903 1635 'ad
969 1566 1540 1634 exercitationem
1598 1569 1767 1635 artis
1823 1569 2140 1635 salutaris
2197 1570 2419 1659 ipsam
2469 1594 2641 1659 pro·
2691 1578 2712 1611 s

539 1692 697 1780 pius
742 1687 1211 1777 spectantibus
1263 1686 1567 1780 adjectae
1613 1702 1814 1771 sunt,
1881 1689 2139 1775 quippe
2184 1690 2431 1776 quibus
2476 1704 2637 1757 ante

541 1776 767 1877 obiter
834 1818 1109 1873 tautum
1188 1809 1746 1878 commemoratis
1805 1807 1918 1871 hic
1975 1806 2468 1876 dissertationis
2528 1811 2641 1876 lo·-

543 1951 664 1995 cus
718 1924 1299 1992 accommodatior
1357 1951 1501 1993 esse
1558 1927 1926 1994 videretur.
2042 1929 2637 2013 Quarumfaltera

544 2068 789 2113 usum
852 2056 1142 2145 tractat,
1219 2071 1429 2137 quem
1479 2045 1917 2116 medicina
1976 2049 2163 2135 apud
2208 2063 2465 2115 veteres
2508 2052 2637 2118 ha-=

543 2165 809 2233 buerit
846 2165 1317 2230 contraria
1395 2167 1615 2249 dicta,
1677 2167 1912 2264 altera
1958 2189 2121 2233 vero
2180 2169 2359 2235 coli
2417 2194 2634 2237 mor-

414 2369 427 2387 ⁸
541 2285 777 2366 bum,
852 2306 1057 2373 quem
1105 2286 1416 2356 TmERH
1463 2287 1828 2353 CAESARIS
1887 2288 2286 2377 principatu
2325 2290 2632 2379 primum

543 2405 898 2494 irrepsisse
943 2405 1250 2472 PL1N1Us
1297 2404 1536 2470 refert.
