2870 4676
1248 231 1336 300 25

250 406 621 485 adductus,
667 429 810 473 non
846 408 922 474 in
958 406 1117 474 foro
1161 409 1388 474 solum
1430 414 1700 475 summa
1743 420 1904 477 cu'm
1944 410 2148 477 laude
2188 434 2349 479 ver-

150 546 153 551 ·
249 537 436 591 satus
493 539 629 606 est,
704 549 945 593 verum
1004 529 1214 595 etiam
1257 528 1498 594 studiis
1546 504 1863 597 excultus
1911 533 2345 617 Graecorum

250 657 323 710 et
367 644 786 712 Latinorum
829 661 1192 717 auctorum
1237 659 1309 711 et
1360 649 1664 735 maxime
1716 651 2159 733 emmona,
2222 678 2355 720 cu·-

244 762 356 851 jus
397 764 776 833 admirator
801 780 968 834 crat
1011 767 1492 855 aemulusque,
1553 764 1688 835 sub'
1722 771 2157 859 Domfrmno
2204 773 2350 838 Im-

248 896 613 973 peratore,
689 887 873 952 circa
919 909 1180 952 annum
1224 886 1314 952 U.
1361 887 1814 970 DCCCXL„
1893 914 2093 957 suum
2140 910 2396 980 prae--⁸

250 1003 557 1083 clarum,
624 1020 1025 1074 accuratum
1083 1019 1287 1099 atque
1347 1007 1622 1094 elegans
1681 1032 1853 1096 opus
1915 1013 2000 1074 de
2053 1016 2354 1079 Institu-

159 1103 165 1109 ⁴
248 1128 438 1197 ,tione
494 1130 825 1194 Oratoria
870 1126 1293 1216 conscripsit.
1382 1128 1611 1208 Quem
1660 1132 2047 1198 accuratius
2094 1157 2354 1220 cogno?
2433 1216 2438 1225 ‚

252 1267 444 1311 scere
529 1249 723 1332 cujus
801 1247 1104 1326 intersit,
1203 1248 1528 1336 inspiciat
1606 1245 1938 1315 FABRICH
1972 1223 1979 1232 ι
2014 1252 2351 1319 Biblioth-

256 1368 427 1431 Lat.
502 1367 704 1432 Tom.
754 1367 840 1432 II.
902 1367 950 1435 1.
1001 1369 1083 1433 11.
1145 1392 1203 1433 c.
1252 1382 1357 1437 15.
1418 1390 1489 1454 p.
1539 1382 1663 1437 256
1723 1392 1866 1455 sqq.
2000 1370 2135 1435 Sed
2209 1367 2350 1452 ille,

258 1504 464 1573 quem
524 1509 775 1577 causae
840 1510 1116 1552 nostrae
1187 1480 1589 1575 propiorem
1672 1510 1812 1553 esse
1886 1486 2069 1566 dixi,
2156 1489 2351 1556 locus

256 1606 610 1694 reperitur
653 1606 725 1671 in
766 1604 809 1670 l.
844 1606 962 1671 111.
1010 1609 1094 1670 de
1137 1603 1369 1672 In'stit.
1412 1610 1693 1674 Orator.
1741 1632 1797 1675 c,
1836 1628 1893 1678 1.
1938 1631 2006 1695 p.
2040 1623 2166 1679 435
2209 1632 2351 1696 sqq.
2425 1624 2428 1629 ’

258 1748 353 1791 ex
412 1727 573 1793 edit.
631 1728 922 1794 GEORG.
976 1727 1170 1796 Lun.
1227 1730 1704 1810 SPALmNGu,
1785 1730 2097 1818 Lipsiae,
2142 1742 2354 1793 'anno

263 1863 456 1920 1798.
541 1848 774 1936 Atque
818 1848 988 1912 haec
1032 1862 1194 1915 sunt
1237 1851 1538 1916 auctoris
1580 1849 1795 1938 ipsius
1844 1850 2088 1913 verba:
2125 1880 2128 1893 =
2170 1851 2357 1914 Scri-

255 1973 405 2051 psit
448 1970 532 2031 de
574 1970 798 2032 eadem
845 1974 1131 2035 materia
1172 1994 1303 2036 non
1346 1993 1569 2052 pauca
1625 1970 2059 2061 Cornificius,
2125 1971 2360 2055 aliqua
2385 1958 2429 2047 ,ζ

267 2093 663 2168 Stertinius,
719 2094 1063 2156 .nonnihil
1134 2106 1337 2173 pater
1399 2092 1663 2156 Gallio.-
1752 2092 2138 2155 accuratius
2197 2112 2358 2155 vero

262 2215 612 2293 priores
666 2212 1082 2275 Gallione
1134 2213 1440 2276 Celsus
1496 2225 1563 2274 et
1609 2213 1913 2288 Laenas,
1980 2224 2051 2275 et
2079 2214 2360 2279 -aetatis

265 2349 540 2416 nostrae
593 2333 981 2416 Virginius,
1028 2334 1335 2414 Plinius,
1382 2333 1692 2432 Tutilius.

432 2450 547 2515 Ad
610 2451 836 2517 CEle
886 2451 1124 2539 igitur
1153 2465 1454 2519 aetatem
1513 2451 1704 2540 quod
1761 2451 2042 2535 attinet,
2106 2475 2197 2519 ex
2258 2455 2362 2521 ci·-

267 2585 413 2639 tato
472 2535 604 2636 hoc
664 2570 817 2636 loco
875 2573 1182 2658 primum
1246 2570 1605 2650 discimus,
1682 2594 1844 2638 eum
1919 2597 2061 2640 non
2133 2575 2361 2641 solum

268 2704 474 2759 ante
538 2691 1028 2770 QUINTILIANI
1084 2701 1438 2779 tempora,
1526 2690 1645 2756 scd
1701 2694 1911 2760 etiam
1967 2695 2361 2777 VIRGINIO,

267 2814 532 2879 PL1N10
576 2811 1042 2895 TUTILIOque
1086 2811 1341 2899 prius
1386 2810 1757 2897 scripsisse.
1846 2813 2077 2879 Hosce
2127 2826 2362 2879 autem

266 2933 453 3022 ipsos
512 2900 1041 3011 ‘QUINTILIANO
1116 2927 1468 3022 rhetorica
1537 2916 1660 2995 sua
1737 2933 2073 2999 scribente
2150 2933 2366 3002 vitam

262 3055 406 3140 jam
482 3049 822 3138 posuisse,
914 3043 1351 3135 cognoscitur
1408 3071 1498 3115 ex
1553 3052 2026 3139 sequentibus,
2107 3052 2225 3117 ubi
2295 3077 2365 3118 se

238 3183 543 3259 parcere
585 3171 957 3234 nominibus
1014 3171 1513 3253 viventium
1580 3163 1818 3233 auctor
1862 3170 2047 3238 dicit.
2159 3170 2365 3237 Unde

268 3314 529 3359 novum
606 3289 883 3377 aliquod
955 3289 1153 3357 nobis
1226 3289 1608 3369 concrevit,
1697 3288 1759 3358 si
1830 3310 1910 3354 eo
1986 3289 2365 3376 egeremus,

271 3421 797 3497 argumentum,
885 3410 1069 3496 quod
1117 3409 1200 3473 iis
1247 3430 1790 3496 opponeremus,
1871 3410 1990 3494 qui
2034 3410 2117 3476 ad
2161 3393 2382 3476 Tap

270 3545 435 3597 um
524 3548 739 3614 usque
819 3528 1192 3614 imperium
1272 3529 1499 3593 CEle
1573 3527 1786 3593 vitam
1861 3531 2368 3615 produxerunt.

274 3647 409 3712 Sed
467 3657 703 3712 tamen
764 3657 835 3711 et
896 3657 1093 3733 patre
1159 3647 1556 3714 GALLmNE
1618 3646 2019 3734 priorem
2065 3649 2369 3716 CELsuu

271 3771 410 3832 u‘na
456 3789 616 3832 cum
663 3765 924 3833 LAENA
983 3780 1164 3834 artes
1227 3791 1382 3833 suas
1437 3765 1898 3853 composuisse
1966 3792 2005 3833 a
2049 3770 2373 3850 QUINTI-

274 3901 500 3951 LIANo
573 3884 924 3953 docemur.
1072 3886 1401 3968 Quaestio
1473 3885 1690 3971 igitur
1758 3887 2108 3967 exoritur,
2200 3909 2369 3975 quo

278 4014 590 4093 tempore
636 4016 838 4109 pater
884 4006 1176 4076 GALmo
1219 4004 1338 4073 ille
1384 4004 1743 4100 exstiterit
1796 4006 2111 4095 scriptor,
2174 4011 2180 4016 '
2215 4006 2374 4084 Qua
