2870 4676
1076 246 1083 253 ·
1249 225 1338 295 29

246 414 376 475 tas.
472 406 693 494 Atqui
737 404 929 473 omni
972 406 1177 474 modo
1221 406 1610 494 displicent,
1635 427 1716 471 ea
1757 402 1969 488 mihi,
2032 426 2207 493 quae
2250 412 2342 470 'ex

242 524 652 613 propositis
700 512 843 592 his'
881 526 1208 613 consequi
1282 525 1676 597 Bmcomo,
1744 526 2065 593 videntur
2136 537 2352 611 atque

140 664 149 675 “
248 643 335 708 ad
411 643 793 712 GALmoms
863 646 1082 734 patris
1163 643 1507 711 ‹et-Cam
1545 640 1550 647 ’
1589 656 1885 710 aetatem
1969 642 2350 732 pertinent·-

246 762 565 828 Primum
624 767 805 830 enim
857 790 1000 832 non
1054 764 1404 851 intelligo,
1480 785 1614 851 quo
1669 765 1823 851 jure
1886 765 2164 830 criticus
2224 764 2344 829 ille

250 904 343 947 ex
390 883 734 971 colloquio
762 876 1144 951 :MussAnssoe
1196 894 1269 948 et
1314 883 1695 950 GALmoms
1743 885 1826 949 de
1870 885 2151 951 Nrcmus
2197 896 2345 949 arte

249 1001 523 1067 dicendi
587 1026 626 1067 a
673 1001 928 1070 Saxam
982 979 1206 1069 relato
1252 1004 1661 1089 conjecerit,
1738 1003 2148 1071 GAnmomm
2192 1014 2348 1068 tum

251 1116 619 1207 temporis,
694 1120 770 1187 in
833 1124 1018 1210 quod
1067 1123 1493 1211 colloquium
1551 1122 1726 1188 illud
1770 1121 2121 1201 inciderit,
2186 1133 2347 1186 ante

251 1235 617 1303 Messana
693 1241 957 1309 scilicet
1031 1255 1363 1324 mortem,
1456 1241 1499 1306 i.
1560 1266 1618 1308 e.
1681 1243 1964 1308 circiter
2036 1241 2348 1337 medium

251 1354 577 1422 Aucus-rr
622 1357 1126 1446 principatum,
1193 1387 1316 1429 sua
1358 1361 1705 1427 rhetorica
1742 1367 1885 1449 jam
1940 1358 2354 1424 emisisse

250 1486 666 1562 propterea,
731 1479 914 1565 quod
959 1481 1283 1548 MrssAnA
1332 1483 1415 1547 ab
1465 1503 1550 1545 eo
1593 1480 1926 1564 judicium
1971 1479 2055 1541 de
2094 1480 2349 1545 Ntcmn
2433 1476 2436 1483 ’

254 1605 532 1660 oratore
598 1598 983 1684 quaesierit.
1109 1578 1326 1680 Quasi
1382 1601 1534 1664 laus
1592 1596 2020 1684 eloquentiae
2076 1599 2355 1684 judicii»-

256 1737 389 1809 que
459 1714 542 1781 de
602 1717 807 1781 rebus
868 1694 1184 1784 oratoriis
1249 1719 1623 1783 auct01itas
1684 1739 1824 1781 non
1888 1715 2023 1781 nisi
2077 1720 2351 1806 scriptis
2427 1734 2470 1789 “.

184 1862 207 1869 „
258 1835 492 1915 editis,
573 1857 797 1920 neque
846 1838 1079 1902 multo
1139 1839 1358 1925 magis
1421 1838 1588 1903 artis
1646 1836 1919 1902 dicendi
1959 1838 2173 1924 ipsius
2219 1863 2351 1905 usu

262 1966 468 2042 atque
543 1955 785 2020 studiis
853 1956 931 2021 in
1001 1959 1144 2045 ejus
1227 1958 1719 2023 exercitatione
1798 1958 2038 2043 positis
2106 1959 2354 2045 attingi

256 2074 598 2161 potuerit-l
702 2074 999 2156 Orator,
1059 2074 1489 2141 mehercule!
1551 2073 1911 2140 scribendo
1956 2098 2097 2141 non
2143 2100 2355 2144 exco-

256 2193 465 2277 litur,
536 2216 750 2280 aeque
814 2214 895 2263 ac·
956 2195 1261 2260 medicus
1321 2194 1751 2281 artificesque
1829 2193 1983 2275 alii,
2057 2219 2354 2283 quorum

261 2336 373 2381 res
446 2314 524 2380 in
600 2335 731 2379 usu
805 2310 1370 2402 experientiaque
1444 2315 1748 2380 maxime
1829 2326 1991 2381 sunt
2067 2318 2354 2404 positae.

259 2436 365 2501 At
429 2435 578 2500 sine
637 2433 776 2499 ulla
854 2435 1038 2515 fere,
1127 2437 1302 2523 quae
1373 2457 1490 2501 ex·
1534 2435 1807 2522 scriptis
1871 2435 2354 2524 proficiscitur,

263 2554 747 2641 laudis‘gloria
792 2540 1100 2623 summus
1165 2552 1409 2641 aliquis
1442 2550 1793 2622 'exsistere
1854 2566 2058 2643 atque
2115 2555 2357 2621 haberi

263 2685 494 2763 potest
543 2673 813 2739 dicendi
869 2685 940 2739 et
982 2674 1304 2738 medendi
1346 2675 1602 2751 artifex
1642 2677 1988 2760 judexque
2030 2674 2105 2741 in
2151 2674 2356 2739 rebus

267 2793 383 2872 ads
415 2814 525 2856 eas
583 2805 760 2858 artes
815 2791 1303 2881 spectantibus,
1438 2792 1625 2872 Quid
1691 2793 1913 2872 enim,
1989 2793 2174 2880 quod
2237 2791 2357 2857 illa

266 2912 685 2998 scriptorum
729 2912 911 2992 laus,
985 2934 1147 2977 vera
1191 2923 1374 2977 certe
1424 2933 1502 2977 ac
1546 2912 1904 2999 perennia,
1983 2913 2357 2992 artificibus

265 3055 412 3099 non
487 3030 618 3096 nisi
685 3031 1176 3095 exercitatione
1254 3032 1422 3099 artis
1492 3033 1868 3120 praemissa
1921 3029 2075 3096 fieri
2131 3041 2361 3116 potest

270 3165 478 3241 atque
522 3150 730 3216 solet!
837 3150 1027 3238 Ergo
1071 3149 1987 3250 concedamus'BmNcomQ
2053 3148 2363 3214 Gumo-

269 3297 412 3340 nmu
469 3252 785 3337 nostrum
846 3270 1170 3338 MESSALA
1249 3268 1472 3333 adhuc
1549 3269 1745 3335 vivo
1817 3271 1956 3354 jam
2036 3266 2360 3332 claruisse

267 3392 424 3459 luce
494 3389 874 3472 forens13
959 3390 1137 3455 nihil
1195 3401 1429 3453 tamen
1489 3381 1806 3474 equidem
1867 3389 2133 3468 videos
2178 3385 2362 3473 quod

268 3497 446 3579 mihi
504 3510 725 3576 obstet
784 3511 1114 3598 ponenti,
1188 3508 1534 3594 scripta
1607 3531 1729 3573 sua
1793 3504 2134 3572 rhetorica
2200 3503 2363 3570 eum

270 3654 413 3698 non
459 3631 652 3718 prius
699 3653 905 3717 quam
949 3627 1271 3696 MessArA
1319 3609 1756 3693 defuncto
1811 3627 1885 3691 in
1928 3625 2154 3688 lucem
2193 3646 2366 3710 pro-
2421 3609 2424 3612 ’

271 3750 532 3816 tulisse.
652 3748 1112 3834 Ejusdemque
1173 3743 1551 3808 sententiae
1615 3744 2026 3831 participem
2076 3741 2361 3808 laudare

269 3869 435 3935 licet
495 3867 846 3949 'flamm
918 3868 1174 3955 quippe
1243 3864 1362 3952 qui
1418 3864 1697 3929 criticus
1770 3885 1851 3929 eo
1920 3863 2067 3929 solo
2137 3861 2364 3926 utitur

276 3999 728 4076 argumento,
793 4009 929 4075 quo
970 3986 1412 4052 ancomum
1449 3982 1760 4050 confutet
1806 4005 1895 4049 ex
1941 4001 2365 4049 commemo-
